@book{gq,
  title={Geometric Quantization},
  author={Woodhouse, N.M.J.},
  series={Oxford mathematical monographs},
  year={1992},
  publisher={Clarendon Press}
}

@phdthesis{k3quant,
  title        = {Berezin-Toeplitz Quantization on K3 Surfaces and Hyperkähler Berezin-Toepolitz Quantization},
  author       = {Héctor Castejón Díaz},
  year         = 2016,
  month        = {Septembre},
  address      = {Luxemburg},
  note         = {Available at \url{https://orbilu.uni.lu/bitstream/10993/28483/1/Thesis-HectorCastejonDiaz.pdf}},
  school       = {Université du Luxemburg},
  type         = {PhD thesis}
}

@book{dirac,
  title={The Principles of Quantum Mechanics},
  author={Dirac, P.A.M.},
  isbn={9780198520115},
  lccn={58000907},
  series={International Series of Monographs on Physics},
  year={1981},
  publisher={Clarendon Press}
  edition={Fourth Edition}
}
	
@book{hallq,
  title={Quantum Theory for Mathematicians},
  author={Hall, B.C.},
  isbn={9781461471165},
  year={2013},
  publisher={Springer New York}
}

@misc{qm,
  author        = {Tong, Daivd},
  title         = {Lecture Notes on Quantum Mechanics},
  publisher={Department of Applied Mathematics and Theoretical Physics},
  address={Cambridge, UK}
  url={https://www.damtp.cam.ac.uk/user/tong/quantum.html}
}

@misc{clas,
  author        = {Tong, Daivd},
  title         = {Lecture Notes on Classical Dynamics},
  publisher={Department of Applied Mathematics and Theoretical Physics},
  address={Cambridge, UK}
  url={https://www.damtp.cam.ac.uk/user/tong/dynamics.html}
}

@book{tu-diff,
  title={Differential Geometry: Connections, Curvature, and Characteristic Classes},
  author={Tu, L.W.},
  isbn={9783319550848},
  series={Graduate Texts in Mathematics},
  year={2017},
  publisher={Springer International Publishing}
}
