@book{loring,
	title={An Introduction to Manifolds},
	author={Tu, L.W.},
	isbn={9781441973993},
	lccn={2010936466},
	series={Universitext},
	year={2010},
	publisher={Springer New York}
}

@book{lee,
	author = {Lee, John M.},
	title = {Introduction to Smooth Manifolds},
	year = 2013,
	edition = "Second Edition"
}

@book{hall,
author="Hall, Brian",
title="Lie Groups, Lie Algebras, and Representations: An Elementary Introduction",
year="2015",
publisher="Springer International Publishing",
address="Cham",
pages="371--405",
isbn="978-3-319-13467-3",
doi="10.1007/978-3-319-13467-3_13",
url="https://doi.org/10.1007/978-3-319-13467-3_13"
}
